@MISC{ Tomaszewski1999,
	author = "Tomaszewski, Michał",
	title = "VRML i JAVA (Zastosowania techniki programistycznej Java w tworzeniu rzeczywistości wirtualnej światów VRML",
	year = "1999",
}

@CONFERENCE{ Tomaszewski1998,
	author = "Tomaszewski, Michał",
	title = "Zastosowania multimediów w języku JAVA",
	booktitle = "INFO FESTIWAL 98",
	year = "1998"
}

@ARTICLE{ Tomaszewski2000,
	author = "Tomaszewski, Michał",
	title = "Java w komputerach naręcznych",
	journal = "Software 2.0",
	year = "2000",
	volume = "65",
	number = "5/2000",
	month = "May"
}
 @manual{Mikroserwisy-IT-Consulting,
  title = "Słyszałeś o mikrousługach?",
      note   = "\url{https://it-consulting.pl/autoinstalator/wordpress/tag/mikroserwisy}",
      year   = "Dostęp: 2018-11-27"
    }

 @manual{Antywzorzec-projektowy,
    title = "Antywzorzec projektowy",
      note   = "\url{https://pl.wikipedia.org/wiki/Antywzorzec\textunderscore projektowy}",
      year   = "Dostęp: 2018-11-27"
    }

 @manual{Monolit1,
    title="#main, 10 października 2016",
      note   = "\url{https://kobietydokodu.pl/main-10-pazdziernika-2016/}",
      year   = "Dostęp: 2018-11-27"
    }

   @manual{Monolit2,
      title  = "Monolithic application",
      note   = "\url{https://en.wikipedia.org/wiki/Monolithic_application}",
      year   = "Dostęp: 2018-11-27, tłum. własne"
    }

    @manual{MonolitVsMicro,
      title  = "Difference between monolithic and microservices based architecture",
      note   = "\url{https://www.slashroot.in/difference-between-monolithic-and-microservices-based-architecture}",
      year   = "Dostęp: 2018-11-27"
    }
    
    @manual{Micro1,
      title  = "Czym są mikrousługi?",
      note   = "\url{http://www.ictshop.pl/czym-sa-mikrouslugi/}",
      year   = "Dostęp: 2018-11-27"
    }
        @manual{Micro2,
      title  = "Mikro jest piękne",
      note   = "\url{http://blog.streamsoft.pl/mikro-jest-piekne}",
      year   = "Dostęp: 2018-11-27"
    }
          @manual{EventSourcing1,
      title  = "Event Sourcing what it is and why it's awesome",
      note   = "\url{https://dev.to/barryosull/event-sourcing-what-it-is-and-why-its-awesome}",
      year   = "Dostęp: 2018-11-27, tłum. własne"
    }
              @manual{cqrs1,
      title  = "CQRS i Event Sourcing",
      note   = "\url{https://bulldogjob.pl/articles/122-cqrs-i-event-sourcing-czyli-latwa-droga-do-skalowalnosci-naszych-systemow_}",
      year   = "Dostęp: 2018-11-27"
    }
    
       @manual{java,
      title  = "Java",
      note   = "\url{https://pl.wikipedia.org/wiki/Java}",
      year   = "Dostęp: 2018-11-27"
    }
    
           @manual{JavaStart-Spring,
      title  = "Spring",
      note   = "\url{https://javastart.pl/baza-wiedzy/baza-wiedzy/frameworki/spring}",
      year   = "Dostęp: 2018-11-27"
    }
               @manual{Hibernate,
      title  = "Hibernate",
      note   = "\url{https://pl.wikipedia.org/wiki/Hibernate}",
      year   = "Dostęp: 2018-11-27"
    }
                   @manual{Hibernate2,
      title  = "Hibernate Tutorial For Beginners With Examples",
      note   = "\url{https://examples.javacodegeeks.com/enterprise-java/hibernate/hibernate-tutorial-beginners-examples/}",
      year   = "Dostęp: 2018-11-27"
    }
                       @manual{Kafka,
      title  = "Apache Kafka",
      note   = "\url{http://dzikowski.github.io/2014/12/07/kafka/}",
      year   = "Dostęp: 2018-11-27"
    }
                           @manual{Kafka2,
      title  = "Apache Kafka Overview",
      note   = "\url{https://www.cloudera.com/documentation/kafka/1-2-x/topics/kafka.html}",
      year   = "Dostęp: 2018-11-27"
    }
    
                             @manual{Streams,
      title  = "Core Concepts",
      note   = "\url{https://kafka.apache.org/21/documentation/streams/core-concepts}",
      year   = "Dostęp: 2018-11-27, tłum. własne"
    }
                                 @manual{Streams2,
      title  = "Introduction",
      note   = "\url{https://kafka.apache.org/intro}",
      year   = "Dostęp: 2018-11-27, tłum. własne"
    }
    
                                     @manual{Producer,
      title  = "Kafka Java Producer",
      note   = "\url{ https://docs.confluent.io/current/clients/producer.html}",
      year   = "Dostęp: 2018-11-27, tłum. własne"
    }
    
                                         @manual{Docker,
      title  = "What is Docker?",
      note   = "\url{https://opensource.com/resources/what-docker}",
      year   = "Dostęp: 2018-11-27, tłum. własne"
    }
    
                                             @manual{DockerPL,
      title  = "Docker dla programistów, co to jest?",
      note   = "\url{https://sii.pl/blog/docker-dla-programistow-co-to-jest/}",
      year   = "Dostęp: 2018-11-27"
    }
    
                                                 @manual{Docker2,
      title  = "Docker overview",
      note   = "\url{https://docs.docker.com/engine/docker-overview/#docker-architecture}",
      year   = "Dostęp: 2018-11-27, tłum. własne"
    }
    
    @manual{Lenses,
      title  = "Lenses Box",
      note   = "\url{https://www.landoop.com/lenses-box/}",
      year   = "Dostęp: 2018-11-27, tłum. własne"
    }
    
        @manual{Swagger,
      title  = "Swagger – interaktywna dokumentacja API",
      note   = "\url{https://www.simplecoding.pl/swagger/}",
      year   = "Dostęp: 2018-12-20"
    }
            @manual{Immutables,
      title  = "Immutables",
      note   = "\url{https://immutables.github.io/}",
      year   = "Dostęp: 2018-12-20"
    }
    
              @manual{Confluent,
      title  = "Event sourcing, CQRS, stream processing and Apache Kafka: What’s the connection?",
      note   = "\url{https://www.confluent.io/blog/event-sourcing-cqrs-stream-processing-apache-kafka-whats-connection/}",
      year   = "Dostęp: 2018-11-20, tłum. własne"
    }
   
                 @manual{AutomatSkonczony,
      title  = "Automat skończony",
      note   = "\url{https://pl.wikipedia.org/wiki/Automat_skonczony}",
      year   = "Dostęp: 2018-11-27"
    }
    
                  @manual{StreamsConcept,
      title  = "Streams Concept",
      note   = "\url{https://docs.confluent.io/current/streams/concepts.html}",
      year   = "Dostęp: 2019-01-26, tłum. własne"
    }
    
                      @manual{jakoscOpr,
      title  = "Charakterystyki jakości oprogramowania - ISO 25010",
      note   = "\url{http://testerzy.pl/baza-wiedzy/charakterystyki-jakosci-oprogramowania-iso-25010}",
      year   = "Dostęp: 2019-01-26"
    }
    
                          @manual{restApi,
      title  = "Wstęp do REST API",
      note   = "\url{https://devszczepaniak.pl/wstep-do-rest-api/}",
      year   = "Dostęp: 2019-01-30"
    }
   
                             @manual{maven,
      title  = "Apache Maven",
      note   = "\url{https://pl.wikipedia.org/wiki/Apache_Maven}",
      year   = "Dostęp: 2019-01-30"
    }
   
    
    
    
   